@article{hillar2012efficient,
  title={Efficient and optimal binary Hopfield associative memory storage using minimum probability flow},
  author={Hillar, Christopher and Sohl-Dickstein, Jascha and Koepsell, Kilian},
  journal={arXiv preprint arXiv:1204.2916},
  year={2012}
}

@article{krikelis1994associative,
  title={Associative processing and processors},
  author={Krikelis, Anargyros and Weems, Charles C},
  journal={Computer},
  volume={27},
  number={11},
  pages={12--17},
  year={1994},
  publisher={IEEE}
}

@article{hopfield1982neural,
  title={Neural networks and physical systems with emergent collective computational abilities},
  author={Hopfield, John J},
  journal={Proceedings of the national academy of sciences},
  volume={79},
  number={8},
  pages={2554--2558},
  year={1982},
  publisher={National Acad Sciences}
}


@article{mceliece1987capacity,
  title={The capacity of the Hopfield associative memory},
  author={McEliece, ROBERTJ and Posner, EDWARDC and Rodemich, EUGENER and Venkatesh, SANTOSHS},
  journal={IEEE transactions on Information Theory},
  volume={33},
  number={4},
  pages={461--482},
  year={1987},
  publisher={IEEE}
}

@article{storkey1999basins,
  title={The basins of attraction of a new Hopfield learning rule},
  author={Storkey, Amos J and Valabregue, Romain},
  journal={Neural Networks},
  volume={12},
  number={6},
  pages={869--876},
  year={1999},
  publisher={Elsevier}
}

@article{kanter1987associative,
  title={Associative recall of memory without errors},
  author={Kanter, I and Sompolinsky, Haim},
  journal={Physical Review A},
  volume={35},
  number={1},
  pages={380},
  year={1987},
  publisher={APS}
}


@inproceedings{krizhevsky2012imagenet,
  title={Imagenet classification with deep convolutional neural networks},
  author={Krizhevsky, Alex and Sutskever, Ilya and Hinton, Geoffrey E},
  booktitle={Advances in neural information processing systems},
  pages={1097--1105},
  year={2012}
}

@inproceedings{he2016deep,
  title={Deep residual learning for image recognition},
  author={He, Kaiming and Zhang, Xiangyu and Ren, Shaoqing and Sun, Jian},
  booktitle={Proceedings of the IEEE conference on computer vision and pattern recognition},
  pages={770--778},
  year={2016}
}
